<?xml version="1.0" encoding="UTF-8"?><collection xmlns="http://www.loc.gov/MARC21/slim"><record><leader>00353nam--2200133-i-4500</leader><controlfield tag="001">000027696</controlfield><controlfield tag="002">20161230</controlfield><controlfield tag="005">20161230201036</controlfield><controlfield tag="008">060222s1000------------r-----000-0-eng-d</controlfield><datafield ind1=" " ind2=" " tag="080"><subfield code="a">581.132</subfield></datafield><datafield ind1=" " ind2=" " tag="100"><subfield code="a">Kreutz, W</subfield></datafield><datafield ind1=" " ind2=" " tag="245"><subfield code="a">Rontgenographische strukturuntersuchungen der photosynthese-membran</subfield></datafield><datafield ind1=" " ind2=" " tag="260"><subfield code="a">Berlin, Universitat, 1968, 138p</subfield></datafield><datafield ind1=" " ind2=" " tag="852"><subfield code="a">32033</subfield></datafield></record></collection>